@ARTICLE {jonathonshlens2005,
    author  = "Jonathon Shlens",
    title   = "A Tutorial on Principal Component Analysis",
    journal = "Carnegie Mello University - School of Computer Science",
    year    = "2005",
    pages   = "1-13",
    month   = "dec",
    note    = "https://www.cs.cmu.edu/~elaw/papers/pca.pdf"
}
@ARTICLE {dtpham2004,
    author  = "D T Pham and S S Dimov and C D Nguyen",
    title   = "Selection of K in K-means clustering",
    journal = "Columbia Engineering - Eletrical Engineering",
    year    = "2004",
    pages   = "1-17",
    month   = "may",
    note    = "https://www.ee.columbia.edu/~dpwe/papers/PhamDN05-kmeans.pdf"
}
@ONLINE {PCA,
    author = "Lars Buitinck and Gilles Louppe and Mathieu Blondel and Fabian Pedregosa and Andreas Mueller and Olivier Grisel and Vlad Niculae and Peter Prettenhofer and Alexandre Gramfort and Jaques Grobler and Robert Layton and Jake VanderPlas and  Arnaud Joly and Brian Holt and Ga{\\"{e}}l Varoquaux",
    title  = "sklearn.decomposition.PCA",
    year   = "2013",
    url    = "https://scikit-learn.org/stable/modules/generated/sklearn.decomposition.PCA.html"
}
@ONLINE {KMeans,
    author = "Lars Buitinck and Gilles Louppe and Mathieu Blondel and Fabian Pedregosa and Andreas Mueller and Olivier Grisel and Vlad Niculae and Peter Prettenhofer and Alexandre Gramfort and Jaques Grobler and Robert Layton and Jake VanderPlas and  Arnaud Joly and Brian Holt and Ga{\\"{e}}l Varoquaux",
    title  = "sklearn.cluster.KMeans",
    year   = "2013",
    url    = "https://scikit-learn.org/stable/modules/generated/sklearn.cluster.KMeans.html"
}
@ARTICLE {SMOTE,
    author  = "Nitesh V. Chawla and Kevin W. Bowyer and Lawrence O.  and W. Philip Kegelmeyer",
    title   = "SMOTE: Synthetic Minority Over-sampling Technique",
    journal = "Journal of Artificial Intelligence Research",
    year    = "2002",
    number  = "16",
    pages   = "321-357",
    month   = "jun",
    note    = "https://arxiv.org/pdf/1106.1813.pdf"
}
@ONLINE {jonathanhirko2019,
    author = "Jonathan Hirko",
    title  = "Intro to Classification and Feature Selection with XGBoost",
    month  = "jan",
    year   = "2019",
    url    = "https://www.aitimejournal.com/@jonathan.hirko/intro-to-classification-and-feature-selection-with-xgboost"
}
@ONLINE {alviraswalin2018,
    author = "Alvira Swalin",
    title  = "CatBoost vs. Light GBM vs. XGBoost",
    month  = "mar",
    year   = "2018",
    url    = "https://www.kdnuggets.com/2018/03/catboost-vs-light-gbm-vs-xgboost.html"
}
@ONLINE {willkoehrsen2018,
    author = "Will Koehrsen",
    title  = "Automated Machine Learning Hyperparameter Tuning in Python",
    month  = "jul",
    year   = "2018",
    url    = "https://towardsdatascience.com/automated-machine-learning-hyperparameter-tuning-in-python-dfda59b72f8a"
}